@misc{honeyspider,
title = "Honeyspider Network",
howpublished = {\url{http://www.honeyspider.net}},
note = "Accessed on: 2015-01-07"
}

@misc{malwr,
title = "Malwr",
howpublished = {\url{https://malwr.com}},
note = "Accessed on: 2015-01-07"
}
@misc{virustotal,
title = "VirusTotal",
howpublished = {\url{https://www.virustotal.com}},
note = "Accessed on: 2015-01-07"
}

@misc{proofpoint,
title = "Malware in Ad Networks Infects Visitors and Jeopardizes Brands",
howpublished = {\url{http://www.proofpoint.com/threatinsight/posts/malware-in-ad-networks-infects-visitors-and-jeopardizes-brands.php}},
note = "Accessed on: 2015-01-07"
}

@article{auto_malware,
Author = "Manuel Egele, Theodoor Scholte, Engin Kirda and Christopher Kruegel", 
title = "A Survey on Automated Dynamic Malware-Analysis Techniques and Tools",
journal = "ACM Computing Surveys, Vol. 44, No. 2, Article 6",
year = "February 2012"
}

@misc{cuckoo,
title = "Automated Malware Analysis - Cuckoo Sandbox",
howpublished = {\url{http://cuckoosandbox.org}},
note = {Accessed on: 2015-01-06}
}

@misc{anubis,
title = " Anubis - Malware Analysis for Unknown Binaries",
howpublished = {\url{http://anubis.iseclab.org}},
note = {Accessed on: 2015-01-08}
}

@inproceedings{Le2013,
 author = {Le, Van Lam and Welch, Ian and Gao, Xiaoying and Komisarczuk, Peter},
 title = {Anatomy of Drive-by Download Attack},
 booktitle = {Proceedings of the Eleventh Australasian Information Security Conference - Volume 138},
 series = {AISC '13},
 year = {2013},
 isbn = {978-1-921770-23-4},
 location = {Adelaide, Australia},
 pages = {49--58},
 numpages = {10},
 url = {http://dl.acm.org.proxy.uba.uva.nl:2048/citation.cfm?id=2525483.2525489},
 acmid = {2525489},
 publisher = {Australian Computer Society, Inc.},
 address = {Darlinghurst, Australia, Australia},
 keywords = {drive-by-download, internet security, malicious web pages},
}

@inproceedings{Canali2011,
 author = {Canali, Davide and Cova, Marco and Vigna, Giovanni and Kruegel, Christopher},
 title = {Prophiler: A Fast Filter for the Large-scale Detection of Malicious Web Pages},
 booktitle = {Proceedings of the 20th International Conference on World Wide Web},
 series = {WWW '11},
 year = {2011},
 isbn = {978-1-4503-0632-4},
 location = {Hyderabad, India},
 pages = {197--206},
 numpages = {10},
 url = {http://doi.acm.org.proxy.uba.uva.nl:2048/10.1145/1963405.1963436},
 doi = {10.1145/1963405.1963436},
 acmid = {1963436},
 publisher = {ACM},
 address = {New York, NY, USA},
 keywords = {drive-by download exploits, efficient web page filtering, malicious web page analysis},
} 

@inproceedings{Li2012,
 author = {Li, Zhou and Zhang, Kehuan and Xie, Yinglian and Yu, Fang and Wang, XiaoFeng},
 title = {Knowing Your Enemy: Understanding and Detecting Malicious Web Advertising},
 booktitle = {Proceedings of the 2012 ACM Conference on Computer and Communications Security},
 series = {CCS '12},
 year = {2012},
 isbn = {978-1-4503-1651-4},
 location = {Raleigh, North Carolina, USA},
 pages = {674--686},
 numpages = {13},
 url = {http://doi.acm.org.proxy.uba.uva.nl:2048/10.1145/2382196.2382267},
 doi = {10.1145/2382196.2382267},
 acmid = {2382267},
 publisher = {ACM},
 address = {New York, NY, USA},
 keywords = {malvertising, online advertising, statistical learning},
} 

@TECHREPORT{Rajab11trendsin,
    author = {Moheeb Abu Rajab and Lucas Ballard and Nav Jagpal and Panayiotis Mavrommatis and Daisuke Nojiri and Niels Provos and Ludwig Schmidt},
    title = {Trends in Circumventing Web-Malware Detection},
    institution = {},
    year = {2011}
}